@BOOK{rustbook,
TITLE="The Rust book, 2nd edition",
AUTHOR="Steve Klabnik and Carol Nichols",
YEAR=2017,
}

@ARTICLE{netbricks,
TITLE="NetBricks: Taking the V out of NFV",
AUTHOR="Aurojit Panda and Sangjin Han and Keon Jang and Melvin Walls and Sylvia Ratnasamy and Scott Shenker",
YEAR="2015",
}

@BOOK{ rustonomicon,
TITLE="The Rustonomicon",
AUTHOR="The Rust developers",
URL="https://doc.rust-lang.org/nomicon/",
URLDATA={2018-02-07},
}

@MISC{ redox,
AUTHOR="The Redox Project",
TITLE="Redox Design document",
URL="https://doc.redox-os.org/book/",
URLDATE={2018-02-07},
}
